@book{Pasterze,
  Author = {Gerhard Karl Lieb and Heinz Slupetzky},
  Title = {Die Pasterze: Der Gletscher am Großglockner},
  Publisher = {Pustet Anton},
  Year = {2011},
  ISBN = {3702506527},
  URL = {https://www.amazon.com/Die-Pasterze-Gletscher-am-Gro%C3%9Fglockner/dp/3702506527?SubscriptionId=AKIAIOBINVZYXZQZ2U3A&tag=chimbori05-20&linkCode=xm2&camp=2025&creative=165953&creativeASIN=3702506527}
}

@article{GlobalDimming,
  doi = {10.1029/2008jd011470},
  url = {https://doi.org/10.1029/2008jd011470},
  year = {2009},
  month = jun,
  publisher = {American Geophysical Union ({AGU})},
  volume = {114},
  author = {Martin Wild},
  title = {Global dimming and brightening: A review},
  journal = {Journal of Geophysical Research}
}

@article{Themicroclimateofvalleyglaciers,
  doi = {10.3189/002214311798843313},
  url = {https://doi.org/10.3189/002214311798843313},
  year = {2011},
  publisher = {Cambridge University Press ({CUP})},
  volume = {57},
  number = {206},
  pages = {1173--1174},
  author = {Michael Kuhn},
  title = {J. Oerlemans 
		            2010. The microclimate of valley glaciers. Utrecht,  Utrecht University. Igitur,  Utrecht Publishing {\&} Archiving Services. 138pp. {ISBN} 987-9-039-35305-5,  paperback. Available free from j.oerlemans@uu.nl and as free download from http://igitur-archive.library.uu.ni.},
  journal = {Journal of Glaciology}
}

@book{ThePhysicsOfGlaciers,
  Author = {Kurt M. Cuffey and W. S. B. Paterson},
  Title = {The Physics of Glaciers},
  Publisher = {Academic Press},
  Year = {2010},
  ISBN = {0123694612},
  URL = {https://www.amazon.com/Physics-Glaciers-Kurt-M-Cuffey/dp/0123694612?SubscriptionId=AKIAIOBINVZYXZQZ2U3A&tag=chimbori05-20&linkCode=xm2&camp=2025&creative=165953&creativeASIN=0123694612}
}


@ONLINE {Kraftwerkstypen,
    editor = {Landeskraftwerke-Bayern},
    title  = {Speicherkraftwerk},
    url    = {https://www.landeskraftwerke.bayern/kraftwerkstypen.htm}
}

@ONLINE {Verteilung_Kraftwerke,
    author = {Beatrice Wagner},
    title  = {Wasserkraftausbau und Ökologie},
    year   = {2013},
    url    = {http://www.ak-umwelt.at/schwerpunkt/?article=116\&issue=2013-01}
}

@book{Kilowattstunde,
  Author = {Arthur Vietze},
  Title = {Der elektrische Landwirt: Ein Merkbüchlein in Frage und Antwort (German Edition)},
  Publisher = {Springer},
  Year = {1922},
  ISBN = {3662387360},
}

@article{Extremwetterereignisse,
  doi = {10.1183/09031936.00074712},
  year  = {2013},
  publisher = {European Respiratory Society ({ERS})},
  volume = {42},
  number = {3},
  pages = {826--843},
  author = {M. De Sario and K. Katsouyanni and P. Michelozzi},
  title = {Climate change,  extreme weather events,  air pollution and respiratory health in Europe},
  journal = {European Respiratory Journal}
}


@article{Laufwasserkraftwerk,
  doi = {10.1016/j.rser.2009.07.003},
  year  = {2009},
  publisher = {Elsevier {BV}},
  volume = {13},
  number = {9},
  pages = {2336--2348},
  author = {Pannathat Rojanamon and Taweep Chaisomphob and Thawilwadee Bureekul},
  title = {Application of geographical information system to site selection of small run-of-river hydropower project by considering engineering/economic/environmental criteria and social impact},
  journal = {Renewable and Sustainable Energy Reviews}
}
