% This file was created with Citavi 6.3.0.0

@book{Cuffey.2010,
 author = {Cuffey, Kurt and Paterson, W. S. B.},
 year = {2010},
 title = {The physics of glaciers},
 address = {Burlington MA},
 edition = {4th ed.},
 publisher = {Butterworth-Heinemann/Elsevier},
 isbn = {0123694612}
}


@book{Lieb.2011,
 author = {Lieb, Gerhard Karl and Slupetzky, H.},
 year = {2011},
 title = {Die Pasterze},
 address = {Salzburg},
 publisher = {{A. Pustet}},
 isbn = {3702506527},
 institution = {{Nationalpark Hohe Tauern (Agency : Austria)} and {{\"O}sterreichischer Alpenverein (1950- )}}
}


@misc{Wakonigg.,
 author = {Wakonigg, Breininger and Wakonigg, Herwig and Lieb, Gerhard Karl},
 editor = {{Institut f{\"u}r Geographie und Raumforschung}},
 title = {L{\"a}ngen{\"a}nderung der Pasterze},
 url = {https://geographie.uni-graz.at/de/forschung/forschungsgruppen/aladyn/projekte/pasterze/messergebnisse/laengenaenderung/},
 urldate = {10.06.2019}
}


@article{Wild.2009,
 author = {Wild, Martin},
 year = {2009},
 title = {Global dimming and brightening: A review},
 pages = {1319},
 volume = {114},
 number = {21},
 issn = {0148-0227},
 journal = {Journal of Geophysical Research},
 doi = {10.1029/2008jd011470}
}
